% To get full author names use:
% 	author = {{ }}

%-------------------------------------------------------------------------
% BOOKS
%-------------------------------------------------------------------------

@book{rothman2020artificial,
  title={Artificial Intelligence By Example: Acquire advanced AI, machine learning, and deep learning design skills},
  author={Rothman, Denis},
  year={2020},
  publisher={Packt Publishing Ltd}
}


%-------------------------------------------------------------------------
% Artikle
%-------------------------------------------------------------------------


@inproceedings{baevski2022data2vec,
  title={Data2vec: A general framework for self-supervised learning in speech, vision and language},
  author={Baevski, Alexei and Hsu, Wei-Ning and Xu, Qiantong and Babu, Arun and Gu, Jiatao and Auli, Michael},
  booktitle={International Conference on Machine Learning},
  pages={1298--1312},
  year={2022},
  organization={PMLR}
}

@inproceedings{bovbjerg2023improving,
  title={Improving Label-Deficient Keyword Spotting Through Self-Supervised Pretraining},
  author={Bovbjerg, Holger Severin and Tan, Zheng-Hua},
  booktitle={2023 IEEE International Conference on Acoustics, Speech, and Signal Processing Workshops (ICASSPW)},
  pages={1--5},
  year={2023},
  organization={IEEE}
}

@article{balestriero2023cookbook,
  title={A cookbook of self-supervised learning},
  author={Balestriero, Randall and Ibrahim, Mark and Sobal, Vlad and Morcos, Ari and Shekhar, Shashank and Goldstein, Tom and Bordes, Florian and Bardes, Adrien and Mialon, Gregoire and Tian, Yuandong and others},
  journal={arXiv preprint arXiv:2304.12210},
  year={2023}
}


@article{ulyanov2016instance,
  title={Instance normalization: The missing ingredient for fast stylization},
  author={Ulyanov, Dmitry and Vedaldi, Andrea and Lempitsky, Victor},
  journal={arXiv preprint arXiv:1607.08022},
  year={2016}
}

@article{ba2016layer,
  title={Layer normalization},
  author={Ba, Jimmy Lei and Kiros, Jamie Ryan and Hinton, Geoffrey E},
  journal={arXiv preprint arXiv:1607.06450},
  year={2016}
}

@article{lopez2021deep,
  title={Deep spoken keyword spotting: An overview},
  author={L{\'o}pez-Espejo, Iv{\'a}n and Tan, Zheng-Hua and Hansen, John HL and Jensen, Jesper},
  journal={IEEE Access},
  volume={10},
  pages={4169--4199},
  year={2021},
  publisher={IEEE}
}

@article{warden2018speech,
  title={Speech commands: A dataset for limited-vocabulary speech recognition},
  author={Warden, Pete},
  journal={arXiv preprint arXiv:1804.03209},
  year={2018}
}

@article{berg2021keyword,
  title={Keyword transformer: A self-attention model for keyword spotting},
  author={Berg, Axel and O'Connor, Mark and Cruz, Miguel Tairum},
  journal={arXiv preprint arXiv:2104.00769},
  year={2021}
}

@article{park2019specaugment,
  title={Specaugment: A simple data augmentation method for automatic speech recognition},
  author={Park, Daniel S and Chan, William and Zhang, Yu and Chiu, Chung-Cheng and Zoph, Barret and Cubuk, Ekin D and Le, Quoc V},
  journal={arXiv preprint arXiv:1904.08779},
  year={2019}
}

@article{loshchilov2018fixing,
  title={Fixing weight decay regularization in adam},
  author={Loshchilov, Ilya and Hutter, Frank},
  year={2018}
}

@article{dosovitskiy2020image,
  title={An image is worth 16x16 words: Transformers for image recognition at scale},
  author={Dosovitskiy, Alexey and Beyer, Lucas and Kolesnikov, Alexander and Weissenborn, Dirk and Zhai, Xiaohua and Unterthiner, Thomas and Dehghani, Mostafa and Minderer, Matthias and Heigold, Georg and Gelly, Sylvain and others},
  journal={arXiv preprint arXiv:2010.11929},
  year={2020}
}

@inproceedings{barker2015third,
  title={The third 'CHiME'speech separation and recognition challenge: Dataset, task and baselines},
  author={Barker, Jon and Marxer, Ricard and Vincent, Emmanuel and Watanabe, Shinji},
  booktitle={2015 IEEE Workshop on Automatic Speech Recognition and Understanding (ASRU)},
  pages={504--511},
  year={2015},
  organization={IEEE}
}

@inproceedings{kolboek2016speech,
  title={Speech enhancement using long short-term memory based recurrent neural networks for noise robust speaker verification},
  author={Kolboek, Morten and Tan, Zheng-Hua and Jensen, Jesper},
  booktitle={2016 IEEE spoken language technology workshop (SLT)},
  pages={305--311},
  year={2016},
  organization={IEEE}
}

@article{vaswani2017attention,
  title={Attention is all you need},
  author={Vaswani, Ashish and Shazeer, Noam and Parmar, Niki and Uszkoreit, Jakob and Jones, Llion and Gomez, Aidan N and Kaiser, {\L}ukasz and Polosukhin, Illia},
  journal={Advances in neural information processing systems},
  volume={30},
  year={2017}
}






%-------------------------------------------------------------------------
% Website
%-------------------------------------------------------------------------

